%YAML 1.1
%TAG !u! tag:unity3d.com,2011:
--- !u!1 &4345033307491800404
GameObject:
  m_ObjectHideFlags: 0
  m_CorrespondingSourceObject: {fileID: 0}
  m_PrefabInstance: {fileID: 0}
  m_PrefabAsset: {fileID: 0}
  serializedVersion: 6
  m_Component:
  - component: {fileID: 9092574167555217060}
  - component: {fileID: 4527806482896933434}
  - component: {fileID: 4927937775083754450}
  - component: {fileID: 54053146248774229}
  m_Layer: 0
  m_Name: ans2
  m_TagString: Untagged
  m_Icon: {fileID: 0}
  m_NavMeshLayer: 0
  m_StaticEditorFlags: 0
  m_IsActive: 1
--- !u!224 &9092574167555217060
RectTransform:
  m_ObjectHideFlags: 0
  m_CorrespondingSourceObject: {fileID: 0}
  m_PrefabInstance: {fileID: 0}
  m_PrefabAsset: {fileID: 0}
  m_GameObject: {fileID: 4345033307491800404}
  m_LocalRotation: {x: 0, y: 0, z: 0, w: 1}
  m_LocalPosition: {x: 0, y: 0, z: -60}
  m_LocalScale: {x: 1, y: 1, z: 1}
  m_Children:
  - {fileID: 3132305641767329139}
  m_Father: {fileID: 6176103471672856453}
  m_RootOrder: 2
  m_LocalEulerAnglesHint: {x: 0, y: 0, z: 0}
  m_AnchorMin: {x: 0.5, y: 0.5}
  m_AnchorMax: {x: 0.5, y: 0.5}
  m_AnchoredPosition: {x: 38, y: -73}
  m_SizeDelta: {x: 340, y: 211}
  m_Pivot: {x: 0.5, y: 0.5}
--- !u!222 &4527806482896933434
CanvasRenderer:
  m_ObjectHideFlags: 0
  m_CorrespondingSourceObject: {fileID: 0}
  m_PrefabInstance: {fileID: 0}
  m_PrefabAsset: {fileID: 0}
  m_GameObject: {fileID: 4345033307491800404}
  m_CullTransparentMesh: 0
--- !u!114 &4927937775083754450
MonoBehaviour:
  m_ObjectHideFlags: 0
  m_CorrespondingSourceObject: {fileID: 0}
  m_PrefabInstance: {fileID: 0}
  m_PrefabAsset: {fileID: 0}
  m_GameObject: {fileID: 4345033307491800404}
  m_Enabled: 0
  m_EditorHideFlags: 0
  m_Script: {fileID: 11500000, guid: fe87c0e1cc204ed48ad3b37840f39efc, type: 3}
  m_Name: 
  m_EditorClassIdentifier: 
  m_Material: {fileID: 0}
  m_Color: {r: 1, g: 1, b: 1, a: 1}
  m_RaycastTarget: 1
  m_Maskable: 1
  m_OnCullStateChanged:
    m_PersistentCalls:
      m_Calls: []
  m_Sprite: {fileID: 21300000, guid: 777c74749191ec749960a9e16a036af9, type: 3}
  m_Type: 0
  m_PreserveAspect: 0
  m_FillCenter: 1
  m_FillMethod: 4
  m_FillAmount: 1
  m_FillClockwise: 1
  m_FillOrigin: 0
  m_UseSpriteMesh: 0
  m_PixelsPerUnitMultiplier: 1
--- !u!95 &54053146248774229
Animator:
  serializedVersion: 3
  m_ObjectHideFlags: 0
  m_CorrespondingSourceObject: {fileID: 0}
  m_PrefabInstance: {fileID: 0}
  m_PrefabAsset: {fileID: 0}
  m_GameObject: {fileID: 4345033307491800404}
  m_Enabled: 1
  m_Avatar: {fileID: 0}
  m_Controller: {fileID: 9100000, guid: 10745966c45b41144a13f5aea855e9a7, type: 2}
  m_CullingMode: 0
  m_UpdateMode: 0
  m_ApplyRootMotion: 0
  m_LinearVelocityBlending: 0
  m_WarningMessage: 
  m_HasTransformHierarchy: 1
  m_AllowConstantClipSamplingOptimization: 1
  m_KeepAnimatorControllerStateOnDisable: 0
--- !u!1 &6176103471672856452
GameObject:
  m_ObjectHideFlags: 0
  m_CorrespondingSourceObject: {fileID: 0}
  m_PrefabInstance: {fileID: 0}
  m_PrefabAsset: {fileID: 0}
  serializedVersion: 6
  m_Component:
  - component: {fileID: 6176103471672856453}
  - component: {fileID: 6176103471672856506}
  - component: {fileID: 7963235735335907553}
  m_Layer: 0
  m_Name: QuestionPanel
  m_TagString: Untagged
  m_Icon: {fileID: 0}
  m_NavMeshLayer: 0
  m_StaticEditorFlags: 0
  m_IsActive: 1
--- !u!224 &6176103471672856453
RectTransform:
  m_ObjectHideFlags: 0
  m_CorrespondingSourceObject: {fileID: 0}
  m_PrefabInstance: {fileID: 0}
  m_PrefabAsset: {fileID: 0}
  m_GameObject: {fileID: 6176103471672856452}
  m_LocalRotation: {x: 0, y: 0, z: 0, w: 1}
  m_LocalPosition: {x: 0, y: 0, z: 0}
  m_LocalScale: {x: 1, y: 1, z: 1}
  m_Children:
  - {fileID: 1241031541447570360}
  - {fileID: 2148294617990634401}
  - {fileID: 9092574167555217060}
  - {fileID: 7309087123272481995}
  - {fileID: 6808242799663879097}
  - {fileID: 6176103472836625306}
  m_Father: {fileID: 0}
  m_RootOrder: 0
  m_LocalEulerAnglesHint: {x: 0, y: 0, z: 0}
  m_AnchorMin: {x: 0.5, y: 0.5}
  m_AnchorMax: {x: 0.5, y: 0.5}
  m_AnchoredPosition: {x: 0, y: 0}
  m_SizeDelta: {x: 1087, y: 518}
  m_Pivot: {x: 0.5, y: 0.5}
--- !u!222 &6176103471672856506
CanvasRenderer:
  m_ObjectHideFlags: 0
  m_CorrespondingSourceObject: {fileID: 0}
  m_PrefabInstance: {fileID: 0}
  m_PrefabAsset: {fileID: 0}
  m_GameObject: {fileID: 6176103471672856452}
  m_CullTransparentMesh: 0
--- !u!114 &7963235735335907553
MonoBehaviour:
  m_ObjectHideFlags: 0
  m_CorrespondingSourceObject: {fileID: 0}
  m_PrefabInstance: {fileID: 0}
  m_PrefabAsset: {fileID: 0}
  m_GameObject: {fileID: 6176103471672856452}
  m_Enabled: 1
  m_EditorHideFlags: 0
  m_Script: {fileID: 11500000, guid: 575dbe9d4e6f9384a916d5a661044b97, type: 3}
  m_Name: 
  m_EditorClassIdentifier: 
  question: {fileID: 2704483909059770692}
  answers:
  - {fileID: 5126152213929302007}
  - {fileID: 5803963900989388686}
  - {fileID: 5584335735176027797}
  originalColor: {r: 0.37254903, g: 0.21176471, b: 0.14117648, a: 1}
  rightcolor: {r: 0.040049836, g: 0.5660378, b: 0.040049836, a: 1}
  animators:
  - {fileID: 7067284753094615365}
  - {fileID: 54053146248774229}
  - {fileID: 8927637408464145114}
--- !u!1 &6176103472836625381
GameObject:
  m_ObjectHideFlags: 0
  m_CorrespondingSourceObject: {fileID: 0}
  m_PrefabInstance: {fileID: 0}
  m_PrefabAsset: {fileID: 0}
  serializedVersion: 6
  m_Component:
  - component: {fileID: 6176103472836625306}
  - component: {fileID: 6176103472836625304}
  - component: {fileID: 6176103472836625307}
  m_Layer: 0
  m_Name: answers
  m_TagString: Untagged
  m_Icon: {fileID: 0}
  m_NavMeshLayer: 0
  m_StaticEditorFlags: 0
  m_IsActive: 0
--- !u!224 &6176103472836625306
RectTransform:
  m_ObjectHideFlags: 0
  m_CorrespondingSourceObject: {fileID: 0}
  m_PrefabInstance: {fileID: 0}
  m_PrefabAsset: {fileID: 0}
  m_GameObject: {fileID: 6176103472836625381}
  m_LocalRotation: {x: -0, y: -0, z: -0, w: 1}
  m_LocalPosition: {x: 0, y: 0, z: 0.000074505806}
  m_LocalScale: {x: 1, y: 1, z: 1}
  m_Children:
  - {fileID: 1154910679285336817}
  m_Father: {fileID: 6176103471672856453}
  m_RootOrder: 5
  m_LocalEulerAnglesHint: {x: 0, y: 0, z: 0}
  m_AnchorMin: {x: 0.5, y: 0.5}
  m_AnchorMax: {x: 0.5, y: 0.5}
  m_AnchoredPosition: {x: -0.000045776, y: -92.250015}
  m_SizeDelta: {x: 1086.9999, y: 184.49994}
  m_Pivot: {x: 0.5, y: 0.5}
--- !u!222 &6176103472836625304
CanvasRenderer:
  m_ObjectHideFlags: 0
  m_CorrespondingSourceObject: {fileID: 0}
  m_PrefabInstance: {fileID: 0}
  m_PrefabAsset: {fileID: 0}
  m_GameObject: {fileID: 6176103472836625381}
  m_CullTransparentMesh: 0
--- !u!114 &6176103472836625307
MonoBehaviour:
  m_ObjectHideFlags: 0
  m_CorrespondingSourceObject: {fileID: 0}
  m_PrefabInstance: {fileID: 0}
  m_PrefabAsset: {fileID: 0}
  m_GameObject: {fileID: 6176103472836625381}
  m_Enabled: 0
  m_EditorHideFlags: 0
  m_Script: {fileID: 11500000, guid: 8a8695521f0d02e499659fee002a26c2, type: 3}
  m_Name: 
  m_EditorClassIdentifier: 
  m_Padding:
    m_Left: 0
    m_Right: 0
    m_Top: 0
    m_Bottom: 0
  m_ChildAlignment: 4
  m_StartCorner: 0
  m_StartAxis: 0
  m_CellSize: {x: 300, y: 100}
  m_Spacing: {x: 50, y: 50}
  m_Constraint: 0
  m_ConstraintCount: 2
--- !u!1 &6386768536650788101
GameObject:
  m_ObjectHideFlags: 0
  m_CorrespondingSourceObject: {fileID: 0}
  m_PrefabInstance: {fileID: 0}
  m_PrefabAsset: {fileID: 0}
  serializedVersion: 6
  m_Component:
  - component: {fileID: 7309087123272481995}
  - component: {fileID: 2666278845819017691}
  - component: {fileID: 5196288093485919825}
  - component: {fileID: 8927637408464145114}
  m_Layer: 0
  m_Name: ans3
  m_TagString: Untagged
  m_Icon: {fileID: 0}
  m_NavMeshLayer: 0
  m_StaticEditorFlags: 0
  m_IsActive: 1
--- !u!224 &7309087123272481995
RectTransform:
  m_ObjectHideFlags: 0
  m_CorrespondingSourceObject: {fileID: 0}
  m_PrefabInstance: {fileID: 0}
  m_PrefabAsset: {fileID: 0}
  m_GameObject: {fileID: 6386768536650788101}
  m_LocalRotation: {x: 0, y: 0, z: 0, w: 1}
  m_LocalPosition: {x: 0, y: 0, z: -60}
  m_LocalScale: {x: 1, y: 1, z: 1}
  m_Children:
  - {fileID: 3930647192921453672}
  m_Father: {fileID: 6176103471672856453}
  m_RootOrder: 3
  m_LocalEulerAnglesHint: {x: 0, y: 0, z: 0}
  m_AnchorMin: {x: 0.5, y: 0.5}
  m_AnchorMax: {x: 0.5, y: 0.5}
  m_AnchoredPosition: {x: -175, y: -75}
  m_SizeDelta: {x: 350, y: 231}
  m_Pivot: {x: 0.5, y: 0.5}
--- !u!222 &2666278845819017691
CanvasRenderer:
  m_ObjectHideFlags: 0
  m_CorrespondingSourceObject: {fileID: 0}
  m_PrefabInstance: {fileID: 0}
  m_PrefabAsset: {fileID: 0}
  m_GameObject: {fileID: 6386768536650788101}
  m_CullTransparentMesh: 0
--- !u!114 &5196288093485919825
MonoBehaviour:
  m_ObjectHideFlags: 0
  m_CorrespondingSourceObject: {fileID: 0}
  m_PrefabInstance: {fileID: 0}
  m_PrefabAsset: {fileID: 0}
  m_GameObject: {fileID: 6386768536650788101}
  m_Enabled: 0
  m_EditorHideFlags: 0
  m_Script: {fileID: 11500000, guid: fe87c0e1cc204ed48ad3b37840f39efc, type: 3}
  m_Name: 
  m_EditorClassIdentifier: 
  m_Material: {fileID: 0}
  m_Color: {r: 1, g: 1, b: 1, a: 1}
  m_RaycastTarget: 1
  m_Maskable: 1
  m_OnCullStateChanged:
    m_PersistentCalls:
      m_Calls: []
  m_Sprite: {fileID: 21300000, guid: c8aad3ce098859c44ba75d0815909b93, type: 3}
  m_Type: 0
  m_PreserveAspect: 0
  m_FillCenter: 1
  m_FillMethod: 4
  m_FillAmount: 1
  m_FillClockwise: 1
  m_FillOrigin: 0
  m_UseSpriteMesh: 0
  m_PixelsPerUnitMultiplier: 1
--- !u!95 &8927637408464145114
Animator:
  serializedVersion: 3
  m_ObjectHideFlags: 0
  m_CorrespondingSourceObject: {fileID: 0}
  m_PrefabInstance: {fileID: 0}
  m_PrefabAsset: {fileID: 0}
  m_GameObject: {fileID: 6386768536650788101}
  m_Enabled: 1
  m_Avatar: {fileID: 0}
  m_Controller: {fileID: 9100000, guid: 10745966c45b41144a13f5aea855e9a7, type: 2}
  m_CullingMode: 0
  m_UpdateMode: 0
  m_ApplyRootMotion: 0
  m_LinearVelocityBlending: 0
  m_WarningMessage: 
  m_HasTransformHierarchy: 1
  m_AllowConstantClipSamplingOptimization: 1
  m_KeepAnimatorControllerStateOnDisable: 0
--- !u!1 &8964533368119886630
GameObject:
  m_ObjectHideFlags: 0
  m_CorrespondingSourceObject: {fileID: 0}
  m_PrefabInstance: {fileID: 0}
  m_PrefabAsset: {fileID: 0}
  serializedVersion: 6
  m_Component:
  - component: {fileID: 2148294617990634401}
  - component: {fileID: 1530240664335177076}
  - component: {fileID: 5617533967374585197}
  - component: {fileID: 7067284753094615365}
  m_Layer: 0
  m_Name: ans1
  m_TagString: Untagged
  m_Icon: {fileID: 0}
  m_NavMeshLayer: 0
  m_StaticEditorFlags: 0
  m_IsActive: 1
--- !u!224 &2148294617990634401
RectTransform:
  m_ObjectHideFlags: 0
  m_CorrespondingSourceObject: {fileID: 0}
  m_PrefabInstance: {fileID: 0}
  m_PrefabAsset: {fileID: 0}
  m_GameObject: {fileID: 8964533368119886630}
  m_LocalRotation: {x: 0, y: 0, z: 0, w: 1}
  m_LocalPosition: {x: 0, y: 0, z: -60}
  m_LocalScale: {x: 1, y: 1, z: 1}
  m_Children:
  - {fileID: 4382069847228513546}
  m_Father: {fileID: 6176103471672856453}
  m_RootOrder: 1
  m_LocalEulerAnglesHint: {x: 0, y: 0, z: 0}
  m_AnchorMin: {x: 0.5, y: 0.5}
  m_AnchorMax: {x: 0.5, y: 0.5}
  m_AnchoredPosition: {x: 247, y: -75}
  m_SizeDelta: {x: 340, y: 215}
  m_Pivot: {x: 0.5, y: 0.5}
--- !u!222 &1530240664335177076
CanvasRenderer:
  m_ObjectHideFlags: 0
  m_CorrespondingSourceObject: {fileID: 0}
  m_PrefabInstance: {fileID: 0}
  m_PrefabAsset: {fileID: 0}
  m_GameObject: {fileID: 8964533368119886630}
  m_CullTransparentMesh: 0
--- !u!114 &5617533967374585197
MonoBehaviour:
  m_ObjectHideFlags: 0
  m_CorrespondingSourceObject: {fileID: 0}
  m_PrefabInstance: {fileID: 0}
  m_PrefabAsset: {fileID: 0}
  m_GameObject: {fileID: 8964533368119886630}
  m_Enabled: 0
  m_EditorHideFlags: 0
  m_Script: {fileID: 11500000, guid: fe87c0e1cc204ed48ad3b37840f39efc, type: 3}
  m_Name: 
  m_EditorClassIdentifier: 
  m_Material: {fileID: 0}
  m_Color: {r: 1, g: 1, b: 1, a: 1}
  m_RaycastTarget: 1
  m_Maskable: 1
  m_OnCullStateChanged:
    m_PersistentCalls:
      m_Calls: []
  m_Sprite: {fileID: 21300000, guid: 57e087feaae31a3499b691cd10b36216, type: 3}
  m_Type: 0
  m_PreserveAspect: 0
  m_FillCenter: 1
  m_FillMethod: 4
  m_FillAmount: 1
  m_FillClockwise: 1
  m_FillOrigin: 0
  m_UseSpriteMesh: 0
  m_PixelsPerUnitMultiplier: 1
--- !u!95 &7067284753094615365
Animator:
  serializedVersion: 3
  m_ObjectHideFlags: 0
  m_CorrespondingSourceObject: {fileID: 0}
  m_PrefabInstance: {fileID: 0}
  m_PrefabAsset: {fileID: 0}
  m_GameObject: {fileID: 8964533368119886630}
  m_Enabled: 1
  m_Avatar: {fileID: 0}
  m_Controller: {fileID: 9100000, guid: 10745966c45b41144a13f5aea855e9a7, type: 2}
  m_CullingMode: 0
  m_UpdateMode: 0
  m_ApplyRootMotion: 0
  m_LinearVelocityBlending: 0
  m_WarningMessage: 
  m_HasTransformHierarchy: 1
  m_AllowConstantClipSamplingOptimization: 1
  m_KeepAnimatorControllerStateOnDisable: 0
--- !u!1 &9185899709288750352
GameObject:
  m_ObjectHideFlags: 0
  m_CorrespondingSourceObject: {fileID: 0}
  m_PrefabInstance: {fileID: 0}
  m_PrefabAsset: {fileID: 0}
  serializedVersion: 6
  m_Component:
  - component: {fileID: 1241031541447570360}
  - component: {fileID: 4477163467148485434}
  - component: {fileID: 1576568653295381921}
  m_Layer: 0
  m_Name: questionImage
  m_TagString: Untagged
  m_Icon: {fileID: 0}
  m_NavMeshLayer: 0
  m_StaticEditorFlags: 0
  m_IsActive: 1
--- !u!224 &1241031541447570360
RectTransform:
  m_ObjectHideFlags: 0
  m_CorrespondingSourceObject: {fileID: 0}
  m_PrefabInstance: {fileID: 0}
  m_PrefabAsset: {fileID: 0}
  m_GameObject: {fileID: 9185899709288750352}
  m_LocalRotation: {x: 0, y: 0, z: 0, w: 1}
  m_LocalPosition: {x: 0, y: 0, z: 0}
  m_LocalScale: {x: 1, y: 1, z: 1}
  m_Children: []
  m_Father: {fileID: 6176103471672856453}
  m_RootOrder: 0
  m_LocalEulerAnglesHint: {x: 0, y: 0, z: 0}
  m_AnchorMin: {x: 0.5, y: 0.5}
  m_AnchorMax: {x: 0.5, y: 0.5}
  m_AnchoredPosition: {x: 0, y: 314}
  m_SizeDelta: {x: 1087, y: 591}
  m_Pivot: {x: 0.5, y: 0.5}
--- !u!222 &4477163467148485434
CanvasRenderer:
  m_ObjectHideFlags: 0
  m_CorrespondingSourceObject: {fileID: 0}
  m_PrefabInstance: {fileID: 0}
  m_PrefabAsset: {fileID: 0}
  m_GameObject: {fileID: 9185899709288750352}
  m_CullTransparentMesh: 0
--- !u!114 &1576568653295381921
MonoBehaviour:
  m_ObjectHideFlags: 0
  m_CorrespondingSourceObject: {fileID: 0}
  m_PrefabInstance: {fileID: 0}
  m_PrefabAsset: {fileID: 0}
  m_GameObject: {fileID: 9185899709288750352}
  m_Enabled: 0
  m_EditorHideFlags: 0
  m_Script: {fileID: 11500000, guid: fe87c0e1cc204ed48ad3b37840f39efc, type: 3}
  m_Name: 
  m_EditorClassIdentifier: 
  m_Material: {fileID: 0}
  m_Color: {r: 1, g: 1, b: 1, a: 1}
  m_RaycastTarget: 1
  m_Maskable: 1
  m_OnCullStateChanged:
    m_PersistentCalls:
      m_Calls: []
  m_Sprite: {fileID: 21300000, guid: 3306a60e85388b144b6e3d4f889ae3a6, type: 3}
  m_Type: 0
  m_PreserveAspect: 0
  m_FillCenter: 1
  m_FillMethod: 4
  m_FillAmount: 1
  m_FillClockwise: 1
  m_FillOrigin: 0
  m_UseSpriteMesh: 0
  m_PixelsPerUnitMultiplier: 1
--- !u!1001 &407240039151476971
PrefabInstance:
  m_ObjectHideFlags: 0
  serializedVersion: 2
  m_Modification:
    m_TransformParent: {fileID: 7309087123272481995}
    m_Modifications:
    - target: {fileID: 3686961982588097667, guid: e7ea68ec94d425240be5ce96d03837f3,
        type: 3}
      propertyPath: m_LocalPosition.x
      value: 0
      objectReference: {fileID: 0}
    - target: {fileID: 3686961982588097667, guid: e7ea68ec94d425240be5ce96d03837f3,
        type: 3}
      propertyPath: m_LocalPosition.y
      value: 0
      objectReference: {fileID: 0}
    - target: {fileID: 3686961982588097667, guid: e7ea68ec94d425240be5ce96d03837f3,
        type: 3}
      propertyPath: m_LocalPosition.z
      value: 0
      objectReference: {fileID: 0}
    - target: {fileID: 3686961982588097667, guid: e7ea68ec94d425240be5ce96d03837f3,
        type: 3}
      propertyPath: m_LocalRotation.x
      value: -0
      objectReference: {fileID: 0}
    - target: {fileID: 3686961982588097667, guid: e7ea68ec94d425240be5ce96d03837f3,
        type: 3}
      propertyPath: m_LocalRotation.y
      value: -0
      objectReference: {fileID: 0}
    - target: {fileID: 3686961982588097667, guid: e7ea68ec94d425240be5ce96d03837f3,
        type: 3}
      propertyPath: m_LocalRotation.z
      value: -0
      objectReference: {fileID: 0}
    - target: {fileID: 3686961982588097667, guid: e7ea68ec94d425240be5ce96d03837f3,
        type: 3}
      propertyPath: m_LocalRotation.w
      value: 1
      objectReference: {fileID: 0}
    - target: {fileID: 3686961982588097667, guid: e7ea68ec94d425240be5ce96d03837f3,
        type: 3}
      propertyPath: m_RootOrder
      value: 0
      objectReference: {fileID: 0}
    - target: {fileID: 3686961982588097667, guid: e7ea68ec94d425240be5ce96d03837f3,
        type: 3}
      propertyPath: m_LocalEulerAnglesHint.x
      value: 0
      objectReference: {fileID: 0}
    - target: {fileID: 3686961982588097667, guid: e7ea68ec94d425240be5ce96d03837f3,
        type: 3}
      propertyPath: m_LocalEulerAnglesHint.y
      value: 0
      objectReference: {fileID: 0}
    - target: {fileID: 3686961982588097667, guid: e7ea68ec94d425240be5ce96d03837f3,
        type: 3}
      propertyPath: m_LocalEulerAnglesHint.z
      value: 0
      objectReference: {fileID: 0}
    - target: {fileID: 3686961982588097667, guid: e7ea68ec94d425240be5ce96d03837f3,
        type: 3}
      propertyPath: m_AnchoredPosition.x
      value: 7.2400055
      objectReference: {fileID: 0}
    - target: {fileID: 3686961982588097667, guid: e7ea68ec94d425240be5ce96d03837f3,
        type: 3}
      propertyPath: m_AnchoredPosition.y
      value: -26.4
      objectReference: {fileID: 0}
    - target: {fileID: 3686961982588097667, guid: e7ea68ec94d425240be5ce96d03837f3,
        type: 3}
      propertyPath: m_SizeDelta.x
      value: -45.830353
      objectReference: {fileID: 0}
    - target: {fileID: 3686961982588097667, guid: e7ea68ec94d425240be5ce96d03837f3,
        type: 3}
      propertyPath: m_SizeDelta.y
      value: -77.34325
      objectReference: {fileID: 0}
    - target: {fileID: 3686961982588097667, guid: e7ea68ec94d425240be5ce96d03837f3,
        type: 3}
      propertyPath: m_AnchorMin.x
      value: 0
      objectReference: {fileID: 0}
    - target: {fileID: 3686961982588097667, guid: e7ea68ec94d425240be5ce96d03837f3,
        type: 3}
      propertyPath: m_AnchorMin.y
      value: 0
      objectReference: {fileID: 0}
    - target: {fileID: 3686961982588097667, guid: e7ea68ec94d425240be5ce96d03837f3,
        type: 3}
      propertyPath: m_AnchorMax.x
      value: 1
      objectReference: {fileID: 0}
    - target: {fileID: 3686961982588097667, guid: e7ea68ec94d425240be5ce96d03837f3,
        type: 3}
      propertyPath: m_AnchorMax.y
      value: 1
      objectReference: {fileID: 0}
    - target: {fileID: 3686961982588097667, guid: e7ea68ec94d425240be5ce96d03837f3,
        type: 3}
      propertyPath: m_Pivot.x
      value: 0.5
      objectReference: {fileID: 0}
    - target: {fileID: 3686961982588097667, guid: e7ea68ec94d425240be5ce96d03837f3,
        type: 3}
      propertyPath: m_Pivot.y
      value: 0.5
      objectReference: {fileID: 0}
    - target: {fileID: 5249303170674294398, guid: e7ea68ec94d425240be5ce96d03837f3,
        type: 3}
      propertyPath: m_fontColor32.rgba
      value: 4280563295
      objectReference: {fileID: 0}
    - target: {fileID: 5249303170674294398, guid: e7ea68ec94d425240be5ce96d03837f3,
        type: 3}
      propertyPath: m_fontColor.r
      value: 0.37254903
      objectReference: {fileID: 0}
    - target: {fileID: 5249303170674294398, guid: e7ea68ec94d425240be5ce96d03837f3,
        type: 3}
      propertyPath: m_fontColor.g
      value: 0.21176471
      objectReference: {fileID: 0}
    - target: {fileID: 5249303170674294398, guid: e7ea68ec94d425240be5ce96d03837f3,
        type: 3}
      propertyPath: m_fontColor.b
      value: 0.14117648
      objectReference: {fileID: 0}
    - target: {fileID: 5992378251497165975, guid: e7ea68ec94d425240be5ce96d03837f3,
        type: 3}
      propertyPath: m_Name
      value: ans
      objectReference: {fileID: 0}
    m_RemovedComponents: []
  m_SourcePrefab: {fileID: 100100000, guid: e7ea68ec94d425240be5ce96d03837f3, type: 3}
--- !u!224 &3930647192921453672 stripped
RectTransform:
  m_CorrespondingSourceObject: {fileID: 3686961982588097667, guid: e7ea68ec94d425240be5ce96d03837f3,
    type: 3}
  m_PrefabInstance: {fileID: 407240039151476971}
  m_PrefabAsset: {fileID: 0}
--- !u!114 &5584335735176027797 stripped
MonoBehaviour:
  m_CorrespondingSourceObject: {fileID: 5249303170674294398, guid: e7ea68ec94d425240be5ce96d03837f3,
    type: 3}
  m_PrefabInstance: {fileID: 407240039151476971}
  m_PrefabAsset: {fileID: 0}
  m_GameObject: {fileID: 0}
  m_Enabled: 1
  m_EditorHideFlags: 0
  m_Script: {fileID: 11500000, guid: b9839c2d141529145a431aef4d757ff3, type: 3}
  m_Name: 
  m_EditorClassIdentifier: 
--- !u!1001 &1151379081347590537
PrefabInstance:
  m_ObjectHideFlags: 0
  serializedVersion: 2
  m_Modification:
    m_TransformParent: {fileID: 2148294617990634401}
    m_Modifications:
    - target: {fileID: 3686961982588097667, guid: e7ea68ec94d425240be5ce96d03837f3,
        type: 3}
      propertyPath: m_LocalPosition.x
      value: 0
      objectReference: {fileID: 0}
    - target: {fileID: 3686961982588097667, guid: e7ea68ec94d425240be5ce96d03837f3,
        type: 3}
      propertyPath: m_LocalPosition.y
      value: 0
      objectReference: {fileID: 0}
    - target: {fileID: 3686961982588097667, guid: e7ea68ec94d425240be5ce96d03837f3,
        type: 3}
      propertyPath: m_LocalPosition.z
      value: 0
      objectReference: {fileID: 0}
    - target: {fileID: 3686961982588097667, guid: e7ea68ec94d425240be5ce96d03837f3,
        type: 3}
      propertyPath: m_LocalRotation.x
      value: -0
      objectReference: {fileID: 0}
    - target: {fileID: 3686961982588097667, guid: e7ea68ec94d425240be5ce96d03837f3,
        type: 3}
      propertyPath: m_LocalRotation.y
      value: -0
      objectReference: {fileID: 0}
    - target: {fileID: 3686961982588097667, guid: e7ea68ec94d425240be5ce96d03837f3,
        type: 3}
      propertyPath: m_LocalRotation.z
      value: -0
      objectReference: {fileID: 0}
    - target: {fileID: 3686961982588097667, guid: e7ea68ec94d425240be5ce96d03837f3,
        type: 3}
      propertyPath: m_LocalRotation.w
      value: 1
      objectReference: {fileID: 0}
    - target: {fileID: 3686961982588097667, guid: e7ea68ec94d425240be5ce96d03837f3,
        type: 3}
      propertyPath: m_RootOrder
      value: 0
      objectReference: {fileID: 0}
    - target: {fileID: 3686961982588097667, guid: e7ea68ec94d425240be5ce96d03837f3,
        type: 3}
      propertyPath: m_LocalEulerAnglesHint.x
      value: 0
      objectReference: {fileID: 0}
    - target: {fileID: 3686961982588097667, guid: e7ea68ec94d425240be5ce96d03837f3,
        type: 3}
      propertyPath: m_LocalEulerAnglesHint.y
      value: 0
      objectReference: {fileID: 0}
    - target: {fileID: 3686961982588097667, guid: e7ea68ec94d425240be5ce96d03837f3,
        type: 3}
      propertyPath: m_LocalEulerAnglesHint.z
      value: 0
      objectReference: {fileID: 0}
    - target: {fileID: 3686961982588097667, guid: e7ea68ec94d425240be5ce96d03837f3,
        type: 3}
      propertyPath: m_AnchoredPosition.x
      value: 6.5700073
      objectReference: {fileID: 0}
    - target: {fileID: 3686961982588097667, guid: e7ea68ec94d425240be5ce96d03837f3,
        type: 3}
      propertyPath: m_AnchoredPosition.y
      value: -28.4
      objectReference: {fileID: 0}
    - target: {fileID: 3686961982588097667, guid: e7ea68ec94d425240be5ce96d03837f3,
        type: 3}
      propertyPath: m_SizeDelta.x
      value: -34.820435
      objectReference: {fileID: 0}
    - target: {fileID: 3686961982588097667, guid: e7ea68ec94d425240be5ce96d03837f3,
        type: 3}
      propertyPath: m_SizeDelta.y
      value: -80.09299
      objectReference: {fileID: 0}
    - target: {fileID: 3686961982588097667, guid: e7ea68ec94d425240be5ce96d03837f3,
        type: 3}
      propertyPath: m_AnchorMin.x
      value: 0
      objectReference: {fileID: 0}
    - target: {fileID: 3686961982588097667, guid: e7ea68ec94d425240be5ce96d03837f3,
        type: 3}
      propertyPath: m_AnchorMin.y
      value: 0
      objectReference: {fileID: 0}
    - target: {fileID: 3686961982588097667, guid: e7ea68ec94d425240be5ce96d03837f3,
        type: 3}
      propertyPath: m_AnchorMax.x
      value: 1
      objectReference: {fileID: 0}
    - target: {fileID: 3686961982588097667, guid: e7ea68ec94d425240be5ce96d03837f3,
        type: 3}
      propertyPath: m_AnchorMax.y
      value: 1
      objectReference: {fileID: 0}
    - target: {fileID: 3686961982588097667, guid: e7ea68ec94d425240be5ce96d03837f3,
        type: 3}
      propertyPath: m_Pivot.x
      value: 0.5
      objectReference: {fileID: 0}
    - target: {fileID: 3686961982588097667, guid: e7ea68ec94d425240be5ce96d03837f3,
        type: 3}
      propertyPath: m_Pivot.y
      value: 0.5
      objectReference: {fileID: 0}
    - target: {fileID: 5249303170674294398, guid: e7ea68ec94d425240be5ce96d03837f3,
        type: 3}
      propertyPath: originalText
      value: "\u0627\u0645\u064A\u0631\u0643\u0627"
      objectReference: {fileID: 0}
    - target: {fileID: 5249303170674294398, guid: e7ea68ec94d425240be5ce96d03837f3,
        type: 3}
      propertyPath: m_text
      value: "\u0627\uFEE3\uFEF4\uFEAE\uFEDB\uFE8E"
      objectReference: {fileID: 0}
    - target: {fileID: 5249303170674294398, guid: e7ea68ec94d425240be5ce96d03837f3,
        type: 3}
      propertyPath: m_fontColor.r
      value: 0.37254903
      objectReference: {fileID: 0}
    - target: {fileID: 5249303170674294398, guid: e7ea68ec94d425240be5ce96d03837f3,
        type: 3}
      propertyPath: m_fontColor.g
      value: 0.21176471
      objectReference: {fileID: 0}
    - target: {fileID: 5249303170674294398, guid: e7ea68ec94d425240be5ce96d03837f3,
        type: 3}
      propertyPath: m_fontColor.b
      value: 0
      objectReference: {fileID: 0}
    - target: {fileID: 5249303170674294398, guid: e7ea68ec94d425240be5ce96d03837f3,
        type: 3}
      propertyPath: m_fontColor32.rgba
      value: 4278203999
      objectReference: {fileID: 0}
    - target: {fileID: 5249303170674294398, guid: e7ea68ec94d425240be5ce96d03837f3,
        type: 3}
      propertyPath: m_isRightToLeft
      value: 1
      objectReference: {fileID: 0}
    - target: {fileID: 5992378251497165975, guid: e7ea68ec94d425240be5ce96d03837f3,
        type: 3}
      propertyPath: m_Name
      value: ans
      objectReference: {fileID: 0}
    m_RemovedComponents: []
  m_SourcePrefab: {fileID: 100100000, guid: e7ea68ec94d425240be5ce96d03837f3, type: 3}
--- !u!114 &5126152213929302007 stripped
MonoBehaviour:
  m_CorrespondingSourceObject: {fileID: 5249303170674294398, guid: e7ea68ec94d425240be5ce96d03837f3,
    type: 3}
  m_PrefabInstance: {fileID: 1151379081347590537}
  m_PrefabAsset: {fileID: 0}
  m_GameObject: {fileID: 0}
  m_Enabled: 1
  m_EditorHideFlags: 0
  m_Script: {fileID: 11500000, guid: b9839c2d141529145a431aef4d757ff3, type: 3}
  m_Name: 
  m_EditorClassIdentifier: 
--- !u!224 &4382069847228513546 stripped
RectTransform:
  m_CorrespondingSourceObject: {fileID: 3686961982588097667, guid: e7ea68ec94d425240be5ce96d03837f3,
    type: 3}
  m_PrefabInstance: {fileID: 1151379081347590537}
  m_PrefabAsset: {fileID: 0}
--- !u!1001 &1752629236523780592
PrefabInstance:
  m_ObjectHideFlags: 0
  serializedVersion: 2
  m_Modification:
    m_TransformParent: {fileID: 9092574167555217060}
    m_Modifications:
    - target: {fileID: 3686961982588097667, guid: e7ea68ec94d425240be5ce96d03837f3,
        type: 3}
      propertyPath: m_LocalPosition.x
      value: 0
      objectReference: {fileID: 0}
    - target: {fileID: 3686961982588097667, guid: e7ea68ec94d425240be5ce96d03837f3,
        type: 3}
      propertyPath: m_LocalPosition.y
      value: 0
      objectReference: {fileID: 0}
    - target: {fileID: 3686961982588097667, guid: e7ea68ec94d425240be5ce96d03837f3,
        type: 3}
      propertyPath: m_LocalPosition.z
      value: 0
      objectReference: {fileID: 0}
    - target: {fileID: 3686961982588097667, guid: e7ea68ec94d425240be5ce96d03837f3,
        type: 3}
      propertyPath: m_LocalRotation.x
      value: -0
      objectReference: {fileID: 0}
    - target: {fileID: 3686961982588097667, guid: e7ea68ec94d425240be5ce96d03837f3,
        type: 3}
      propertyPath: m_LocalRotation.y
      value: -0
      objectReference: {fileID: 0}
    - target: {fileID: 3686961982588097667, guid: e7ea68ec94d425240be5ce96d03837f3,
        type: 3}
      propertyPath: m_LocalRotation.z
      value: -0
      objectReference: {fileID: 0}
    - target: {fileID: 3686961982588097667, guid: e7ea68ec94d425240be5ce96d03837f3,
        type: 3}
      propertyPath: m_LocalRotation.w
      value: 1
      objectReference: {fileID: 0}
    - target: {fileID: 3686961982588097667, guid: e7ea68ec94d425240be5ce96d03837f3,
        type: 3}
      propertyPath: m_RootOrder
      value: 0
      objectReference: {fileID: 0}
    - target: {fileID: 3686961982588097667, guid: e7ea68ec94d425240be5ce96d03837f3,
        type: 3}
      propertyPath: m_LocalEulerAnglesHint.x
      value: 0
      objectReference: {fileID: 0}
    - target: {fileID: 3686961982588097667, guid: e7ea68ec94d425240be5ce96d03837f3,
        type: 3}
      propertyPath: m_LocalEulerAnglesHint.y
      value: 0
      objectReference: {fileID: 0}
    - target: {fileID: 3686961982588097667, guid: e7ea68ec94d425240be5ce96d03837f3,
        type: 3}
      propertyPath: m_LocalEulerAnglesHint.z
      value: 0
      objectReference: {fileID: 0}
    - target: {fileID: 3686961982588097667, guid: e7ea68ec94d425240be5ce96d03837f3,
        type: 3}
      propertyPath: m_AnchoredPosition.x
      value: 7.149994
      objectReference: {fileID: 0}
    - target: {fileID: 3686961982588097667, guid: e7ea68ec94d425240be5ce96d03837f3,
        type: 3}
      propertyPath: m_AnchoredPosition.y
      value: -28.7
      objectReference: {fileID: 0}
    - target: {fileID: 3686961982588097667, guid: e7ea68ec94d425240be5ce96d03837f3,
        type: 3}
      propertyPath: m_SizeDelta.x
      value: -33.868256
      objectReference: {fileID: 0}
    - target: {fileID: 3686961982588097667, guid: e7ea68ec94d425240be5ce96d03837f3,
        type: 3}
      propertyPath: m_SizeDelta.y
      value: -80.780426
      objectReference: {fileID: 0}
    - target: {fileID: 3686961982588097667, guid: e7ea68ec94d425240be5ce96d03837f3,
        type: 3}
      propertyPath: m_AnchorMin.x
      value: 0
      objectReference: {fileID: 0}
    - target: {fileID: 3686961982588097667, guid: e7ea68ec94d425240be5ce96d03837f3,
        type: 3}
      propertyPath: m_AnchorMin.y
      value: 0
      objectReference: {fileID: 0}
    - target: {fileID: 3686961982588097667, guid: e7ea68ec94d425240be5ce96d03837f3,
        type: 3}
      propertyPath: m_AnchorMax.x
      value: 1
      objectReference: {fileID: 0}
    - target: {fileID: 3686961982588097667, guid: e7ea68ec94d425240be5ce96d03837f3,
        type: 3}
      propertyPath: m_AnchorMax.y
      value: 1
      objectReference: {fileID: 0}
    - target: {fileID: 3686961982588097667, guid: e7ea68ec94d425240be5ce96d03837f3,
        type: 3}
      propertyPath: m_Pivot.x
      value: 0.5
      objectReference: {fileID: 0}
    - target: {fileID: 3686961982588097667, guid: e7ea68ec94d425240be5ce96d03837f3,
        type: 3}
      propertyPath: m_Pivot.y
      value: 0.5
      objectReference: {fileID: 0}
    - target: {fileID: 5249303170674294398, guid: e7ea68ec94d425240be5ce96d03837f3,
        type: 3}
      propertyPath: originalText
      value: "\u0627\u0641\u0631\u064A\u0642\u064A\u0627"
      objectReference: {fileID: 0}
    - target: {fileID: 5249303170674294398, guid: e7ea68ec94d425240be5ce96d03837f3,
        type: 3}
      propertyPath: m_text
      value: "\u0627\uFED3\uFEAE\uFEF3\uFED8\uFEF4\uFE8E"
      objectReference: {fileID: 0}
    - target: {fileID: 5249303170674294398, guid: e7ea68ec94d425240be5ce96d03837f3,
        type: 3}
      propertyPath: m_isRightToLeft
      value: 1
      objectReference: {fileID: 0}
    - target: {fileID: 5992378251497165975, guid: e7ea68ec94d425240be5ce96d03837f3,
        type: 3}
      propertyPath: m_Name
      value: ans
      objectReference: {fileID: 0}
    m_RemovedComponents: []
  m_SourcePrefab: {fileID: 100100000, guid: e7ea68ec94d425240be5ce96d03837f3, type: 3}
--- !u!224 &3132305641767329139 stripped
RectTransform:
  m_CorrespondingSourceObject: {fileID: 3686961982588097667, guid: e7ea68ec94d425240be5ce96d03837f3,
    type: 3}
  m_PrefabInstance: {fileID: 1752629236523780592}
  m_PrefabAsset: {fileID: 0}
--- !u!114 &5803963900989388686 stripped
MonoBehaviour:
  m_CorrespondingSourceObject: {fileID: 5249303170674294398, guid: e7ea68ec94d425240be5ce96d03837f3,
    type: 3}
  m_PrefabInstance: {fileID: 1752629236523780592}
  m_PrefabAsset: {fileID: 0}
  m_GameObject: {fileID: 0}
  m_Enabled: 1
  m_EditorHideFlags: 0
  m_Script: {fileID: 11500000, guid: b9839c2d141529145a431aef4d757ff3, type: 3}
  m_Name: 
  m_EditorClassIdentifier: 
--- !u!1001 &2002202459921682486
PrefabInstance:
  m_ObjectHideFlags: 0
  serializedVersion: 2
  m_Modification:
    m_TransformParent: {fileID: 6176103471672856453}
    m_Modifications:
    - target: {fileID: 2716075610355221403, guid: d6daf9580d88a0a43a4623a7581de2d8,
        type: 3}
      propertyPath: m_Name
      value: questionText
      objectReference: {fileID: 0}
    - target: {fileID: 4485868139234453874, guid: d6daf9580d88a0a43a4623a7581de2d8,
        type: 3}
      propertyPath: m_fontColor32.rgba
      value: 4280563295
      objectReference: {fileID: 0}
    - target: {fileID: 4485868139234453874, guid: d6daf9580d88a0a43a4623a7581de2d8,
        type: 3}
      propertyPath: m_fontColor.r
      value: 0.37254903
      objectReference: {fileID: 0}
    - target: {fileID: 4485868139234453874, guid: d6daf9580d88a0a43a4623a7581de2d8,
        type: 3}
      propertyPath: m_fontColor.g
      value: 0.21176471
      objectReference: {fileID: 0}
    - target: {fileID: 4485868139234453874, guid: d6daf9580d88a0a43a4623a7581de2d8,
        type: 3}
      propertyPath: m_fontColor.b
      value: 0.14117648
      objectReference: {fileID: 0}
    - target: {fileID: 4485868139234453874, guid: d6daf9580d88a0a43a4623a7581de2d8,
        type: 3}
      propertyPath: originalText
      value: "\u0645\u0646 \u0641\u062A\u062D \u0627\u0644\u0627\u0646\u062F\u0644\u0633"
      objectReference: {fileID: 0}
    - target: {fileID: 4485868139234453874, guid: d6daf9580d88a0a43a4623a7581de2d8,
        type: 3}
      propertyPath: m_text
      value: "\uFEE3\uFEE6 \uFED3\uFE98\uFEA2 \u0627\uFEFB\uFEE7\uFEAA\uFEDF\uFEB2"
      objectReference: {fileID: 0}
    - target: {fileID: 4485868139234453874, guid: d6daf9580d88a0a43a4623a7581de2d8,
        type: 3}
      propertyPath: m_fontSize
      value: 50
      objectReference: {fileID: 0}
    - target: {fileID: 4485868139234453874, guid: d6daf9580d88a0a43a4623a7581de2d8,
        type: 3}
      propertyPath: m_fontSizeBase
      value: 50
      objectReference: {fileID: 0}
    - target: {fileID: 4485868139234453874, guid: d6daf9580d88a0a43a4623a7581de2d8,
        type: 3}
      propertyPath: m_overflowMode
      value: 1
      objectReference: {fileID: 0}
    - target: {fileID: 4485868139234453874, guid: d6daf9580d88a0a43a4623a7581de2d8,
        type: 3}
      propertyPath: farsi
      value: 0
      objectReference: {fileID: 0}
    - target: {fileID: 4485868139234453874, guid: d6daf9580d88a0a43a4623a7581de2d8,
        type: 3}
      propertyPath: m_fontAsset
      value: 
      objectReference: {fileID: 11400000, guid: 3fbde2e562e333d488bc46986fc6f4f1,
        type: 2}
    - target: {fileID: 4485868139234453874, guid: d6daf9580d88a0a43a4623a7581de2d8,
        type: 3}
      propertyPath: m_sharedMaterial
      value: 
      objectReference: {fileID: 21623836076631360, guid: 3fbde2e562e333d488bc46986fc6f4f1,
        type: 2}
    - target: {fileID: 4485868139234453874, guid: d6daf9580d88a0a43a4623a7581de2d8,
        type: 3}
      propertyPath: m_isRightToLeft
      value: 1
      objectReference: {fileID: 0}
    - target: {fileID: 4485868139234453874, guid: d6daf9580d88a0a43a4623a7581de2d8,
        type: 3}
      propertyPath: preserveNumbers
      value: 1
      objectReference: {fileID: 0}
    - target: {fileID: 4485868139234453874, guid: d6daf9580d88a0a43a4623a7581de2d8,
        type: 3}
      propertyPath: m_HorizontalAlignment
      value: 32
      objectReference: {fileID: 0}
    - target: {fileID: 5022353913300910991, guid: d6daf9580d88a0a43a4623a7581de2d8,
        type: 3}
      propertyPath: m_LocalPosition.x
      value: 0
      objectReference: {fileID: 0}
    - target: {fileID: 5022353913300910991, guid: d6daf9580d88a0a43a4623a7581de2d8,
        type: 3}
      propertyPath: m_LocalPosition.y
      value: 0
      objectReference: {fileID: 0}
    - target: {fileID: 5022353913300910991, guid: d6daf9580d88a0a43a4623a7581de2d8,
        type: 3}
      propertyPath: m_LocalPosition.z
      value: -60
      objectReference: {fileID: 0}
    - target: {fileID: 5022353913300910991, guid: d6daf9580d88a0a43a4623a7581de2d8,
        type: 3}
      propertyPath: m_LocalRotation.x
      value: -0
      objectReference: {fileID: 0}
    - target: {fileID: 5022353913300910991, guid: d6daf9580d88a0a43a4623a7581de2d8,
        type: 3}
      propertyPath: m_LocalRotation.y
      value: -0
      objectReference: {fileID: 0}
    - target: {fileID: 5022353913300910991, guid: d6daf9580d88a0a43a4623a7581de2d8,
        type: 3}
      propertyPath: m_LocalRotation.z
      value: -0
      objectReference: {fileID: 0}
    - target: {fileID: 5022353913300910991, guid: d6daf9580d88a0a43a4623a7581de2d8,
        type: 3}
      propertyPath: m_LocalRotation.w
      value: 1
      objectReference: {fileID: 0}
    - target: {fileID: 5022353913300910991, guid: d6daf9580d88a0a43a4623a7581de2d8,
        type: 3}
      propertyPath: m_RootOrder
      value: 4
      objectReference: {fileID: 0}
    - target: {fileID: 5022353913300910991, guid: d6daf9580d88a0a43a4623a7581de2d8,
        type: 3}
      propertyPath: m_LocalEulerAnglesHint.x
      value: 0
      objectReference: {fileID: 0}
    - target: {fileID: 5022353913300910991, guid: d6daf9580d88a0a43a4623a7581de2d8,
        type: 3}
      propertyPath: m_LocalEulerAnglesHint.y
      value: 0
      objectReference: {fileID: 0}
    - target: {fileID: 5022353913300910991, guid: d6daf9580d88a0a43a4623a7581de2d8,
        type: 3}
      propertyPath: m_LocalEulerAnglesHint.z
      value: 0
      objectReference: {fileID: 0}
    - target: {fileID: 5022353913300910991, guid: d6daf9580d88a0a43a4623a7581de2d8,
        type: 3}
      propertyPath: m_AnchoredPosition.x
      value: 10.3
      objectReference: {fileID: 0}
    - target: {fileID: 5022353913300910991, guid: d6daf9580d88a0a43a4623a7581de2d8,
        type: 3}
      propertyPath: m_AnchoredPosition.y
      value: 71
      objectReference: {fileID: 0}
    - target: {fileID: 5022353913300910991, guid: d6daf9580d88a0a43a4623a7581de2d8,
        type: 3}
      propertyPath: m_SizeDelta.x
      value: 850
      objectReference: {fileID: 0}
    - target: {fileID: 5022353913300910991, guid: d6daf9580d88a0a43a4623a7581de2d8,
        type: 3}
      propertyPath: m_SizeDelta.y
      value: 177.02808
      objectReference: {fileID: 0}
    - target: {fileID: 5022353913300910991, guid: d6daf9580d88a0a43a4623a7581de2d8,
        type: 3}
      propertyPath: m_AnchorMin.x
      value: 0.5
      objectReference: {fileID: 0}
    - target: {fileID: 5022353913300910991, guid: d6daf9580d88a0a43a4623a7581de2d8,
        type: 3}
      propertyPath: m_AnchorMin.y
      value: 0.5
      objectReference: {fileID: 0}
    - target: {fileID: 5022353913300910991, guid: d6daf9580d88a0a43a4623a7581de2d8,
        type: 3}
      propertyPath: m_AnchorMax.x
      value: 0.5
      objectReference: {fileID: 0}
    - target: {fileID: 5022353913300910991, guid: d6daf9580d88a0a43a4623a7581de2d8,
        type: 3}
      propertyPath: m_AnchorMax.y
      value: 0.5
      objectReference: {fileID: 0}
    - target: {fileID: 5022353913300910991, guid: d6daf9580d88a0a43a4623a7581de2d8,
        type: 3}
      propertyPath: m_Pivot.x
      value: 0.5
      objectReference: {fileID: 0}
    - target: {fileID: 5022353913300910991, guid: d6daf9580d88a0a43a4623a7581de2d8,
        type: 3}
      propertyPath: m_Pivot.y
      value: 0.5
      objectReference: {fileID: 0}
    m_RemovedComponents: []
  m_SourcePrefab: {fileID: 100100000, guid: d6daf9580d88a0a43a4623a7581de2d8, type: 3}
--- !u!224 &6808242799663879097 stripped
RectTransform:
  m_CorrespondingSourceObject: {fileID: 5022353913300910991, guid: d6daf9580d88a0a43a4623a7581de2d8,
    type: 3}
  m_PrefabInstance: {fileID: 2002202459921682486}
  m_PrefabAsset: {fileID: 0}
--- !u!114 &2704483909059770692 stripped
MonoBehaviour:
  m_CorrespondingSourceObject: {fileID: 4485868139234453874, guid: d6daf9580d88a0a43a4623a7581de2d8,
    type: 3}
  m_PrefabInstance: {fileID: 2002202459921682486}
  m_PrefabAsset: {fileID: 0}
  m_GameObject: {fileID: 0}
  m_Enabled: 1
  m_EditorHideFlags: 0
  m_Script: {fileID: 11500000, guid: b9839c2d141529145a431aef4d757ff3, type: 3}
  m_Name: 
  m_EditorClassIdentifier: 
--- !u!1001 &6176103471729838462
PrefabInstance:
  m_ObjectHideFlags: 0
  serializedVersion: 2
  m_Modification:
    m_TransformParent: {fileID: 6176103472836625306}
    m_Modifications:
    - target: {fileID: 2716075610355221403, guid: d6daf9580d88a0a43a4623a7581de2d8,
        type: 3}
      propertyPath: m_Name
      value: ans4
      objectReference: {fileID: 0}
    - target: {fileID: 2716075610355221403, guid: d6daf9580d88a0a43a4623a7581de2d8,
        type: 3}
      propertyPath: m_IsActive
      value: 0
      objectReference: {fileID: 0}
    - target: {fileID: 4485868139234453874, guid: d6daf9580d88a0a43a4623a7581de2d8,
        type: 3}
      propertyPath: m_fontColor.r
      value: 0.37254903
      objectReference: {fileID: 0}
    - target: {fileID: 4485868139234453874, guid: d6daf9580d88a0a43a4623a7581de2d8,
        type: 3}
      propertyPath: m_fontColor.g
      value: 0.21176471
      objectReference: {fileID: 0}
    - target: {fileID: 4485868139234453874, guid: d6daf9580d88a0a43a4623a7581de2d8,
        type: 3}
      propertyPath: m_fontColor.b
      value: 0.14117648
      objectReference: {fileID: 0}
    - target: {fileID: 5022353913300910991, guid: d6daf9580d88a0a43a4623a7581de2d8,
        type: 3}
      propertyPath: m_LocalPosition.x
      value: 0
      objectReference: {fileID: 0}
    - target: {fileID: 5022353913300910991, guid: d6daf9580d88a0a43a4623a7581de2d8,
        type: 3}
      propertyPath: m_LocalPosition.y
      value: 0
      objectReference: {fileID: 0}
    - target: {fileID: 5022353913300910991, guid: d6daf9580d88a0a43a4623a7581de2d8,
        type: 3}
      propertyPath: m_LocalPosition.z
      value: 0.000074505806
      objectReference: {fileID: 0}
    - target: {fileID: 5022353913300910991, guid: d6daf9580d88a0a43a4623a7581de2d8,
        type: 3}
      propertyPath: m_LocalRotation.x
      value: -0
      objectReference: {fileID: 0}
    - target: {fileID: 5022353913300910991, guid: d6daf9580d88a0a43a4623a7581de2d8,
        type: 3}
      propertyPath: m_LocalRotation.y
      value: -0
      objectReference: {fileID: 0}
    - target: {fileID: 5022353913300910991, guid: d6daf9580d88a0a43a4623a7581de2d8,
        type: 3}
      propertyPath: m_LocalRotation.z
      value: -0
      objectReference: {fileID: 0}
    - target: {fileID: 5022353913300910991, guid: d6daf9580d88a0a43a4623a7581de2d8,
        type: 3}
      propertyPath: m_LocalRotation.w
      value: 1
      objectReference: {fileID: 0}
    - target: {fileID: 5022353913300910991, guid: d6daf9580d88a0a43a4623a7581de2d8,
        type: 3}
      propertyPath: m_RootOrder
      value: 0
      objectReference: {fileID: 0}
    - target: {fileID: 5022353913300910991, guid: d6daf9580d88a0a43a4623a7581de2d8,
        type: 3}
      propertyPath: m_LocalEulerAnglesHint.x
      value: 0
      objectReference: {fileID: 0}
    - target: {fileID: 5022353913300910991, guid: d6daf9580d88a0a43a4623a7581de2d8,
        type: 3}
      propertyPath: m_LocalEulerAnglesHint.y
      value: 0
      objectReference: {fileID: 0}
    - target: {fileID: 5022353913300910991, guid: d6daf9580d88a0a43a4623a7581de2d8,
        type: 3}
      propertyPath: m_LocalEulerAnglesHint.z
      value: 0
      objectReference: {fileID: 0}
    - target: {fileID: 5022353913300910991, guid: d6daf9580d88a0a43a4623a7581de2d8,
        type: 3}
      propertyPath: m_AnchoredPosition.x
      value: 0
      objectReference: {fileID: 0}
    - target: {fileID: 5022353913300910991, guid: d6daf9580d88a0a43a4623a7581de2d8,
        type: 3}
      propertyPath: m_AnchoredPosition.y
      value: 0
      objectReference: {fileID: 0}
    - target: {fileID: 5022353913300910991, guid: d6daf9580d88a0a43a4623a7581de2d8,
        type: 3}
      propertyPath: m_SizeDelta.x
      value: 0
      objectReference: {fileID: 0}
    - target: {fileID: 5022353913300910991, guid: d6daf9580d88a0a43a4623a7581de2d8,
        type: 3}
      propertyPath: m_SizeDelta.y
      value: 0
      objectReference: {fileID: 0}
    - target: {fileID: 5022353913300910991, guid: d6daf9580d88a0a43a4623a7581de2d8,
        type: 3}
      propertyPath: m_AnchorMin.x
      value: 0
      objectReference: {fileID: 0}
    - target: {fileID: 5022353913300910991, guid: d6daf9580d88a0a43a4623a7581de2d8,
        type: 3}
      propertyPath: m_AnchorMin.y
      value: 0
      objectReference: {fileID: 0}
    - target: {fileID: 5022353913300910991, guid: d6daf9580d88a0a43a4623a7581de2d8,
        type: 3}
      propertyPath: m_AnchorMax.x
      value: 0
      objectReference: {fileID: 0}
    - target: {fileID: 5022353913300910991, guid: d6daf9580d88a0a43a4623a7581de2d8,
        type: 3}
      propertyPath: m_AnchorMax.y
      value: 0
      objectReference: {fileID: 0}
    - target: {fileID: 5022353913300910991, guid: d6daf9580d88a0a43a4623a7581de2d8,
        type: 3}
      propertyPath: m_Pivot.x
      value: 0.5
      objectReference: {fileID: 0}
    - target: {fileID: 5022353913300910991, guid: d6daf9580d88a0a43a4623a7581de2d8,
        type: 3}
      propertyPath: m_Pivot.y
      value: 0.5
      objectReference: {fileID: 0}
    m_RemovedComponents: []
  m_SourcePrefab: {fileID: 100100000, guid: d6daf9580d88a0a43a4623a7581de2d8, type: 3}
--- !u!224 &1154910679285336817 stripped
RectTransform:
  m_CorrespondingSourceObject: {fileID: 5022353913300910991, guid: d6daf9580d88a0a43a4623a7581de2d8,
    type: 3}
  m_PrefabInstance: {fileID: 6176103471729838462}
  m_PrefabAsset: {fileID: 0}
